@misc{wiki:comoving,
   url={https://en.wikipedia.org/wiki/Comoving_and_proper_distances},
   title={comoving and proper distances},
}

@book{KaT,
   title={The Early Universe},
   author={Kolb, E. W., and Turner, M. S.},
   year={1981},
}
